<collection xmlns="http://www.loc.gov/MARC21/slim"><record><leader>00802nam  2200241   450</leader><controlfield tag="001">341</controlfield><controlfield tag="003">http://montalegre.opacnet.com/OPAC/default.aspx?ContentAreaControl=ShowRegHoldings.ascx&amp;RegNo=16662</controlfield><datafield tag="010" ind1=" " ind2=" "><subfield code="a">972-98997-1-1</subfield></datafield><datafield tag="021" ind1=" " ind2=" "><subfield code="a">PT</subfield><subfield code="b">201953/03</subfield></datafield><datafield tag="100" ind1=" " ind2=" "><subfield code="a">20061013d2003    me y0pory0103    ba</subfield></datafield><datafield tag="101" ind1="0" ind2=" "><subfield code="a">por</subfield></datafield><datafield tag="102" ind1=" " ind2=" "><subfield code="a">PT</subfield></datafield><datafield tag="105" ind1=" " ind2=" "><subfield code="a">a   z   001yy</subfield></datafield><datafield tag="106" ind1=" " ind2=" "><subfield code="a">r</subfield></datafield><datafield tag="200" ind1="1" ind2=" "><subfield code="a">Património natural da região do Alto Tâmega e Barroso</subfield><subfield code="f">Francisco lvares, Marco Fachada</subfield></datafield><datafield tag="210" ind1=" " ind2=" "><subfield code="a">Alto Tâmega e Barroso</subfield><subfield code="c">Região do Turismo</subfield><subfield code="d">2003</subfield></datafield><datafield tag="215" ind1=" " ind2=" "><subfield code="a">116 p.</subfield><subfield code="c">il.</subfield><subfield code="d">21 cm</subfield></datafield><datafield tag="320" ind1=" " ind2=" "><subfield code="a">Bibliografia, p. 75-83</subfield></datafield><datafield tag="675" ind1=" " ind2=" "><subfield code="a">502</subfield><subfield code="v">BN</subfield><subfield code="z">por</subfield></datafield><datafield tag="700" ind1=" " ind2="1"><subfield code="9">2</subfield><subfield code="a">Alvares</subfield><subfield code="b">Francisco</subfield><subfield code="3">1178059</subfield></datafield><datafield tag="701" ind1=" " ind2="1"><subfield code="a">Fachada</subfield><subfield code="b">Marco</subfield><subfield code="4">070</subfield><subfield code="3">816297</subfield></datafield><datafield tag="801" ind1=" " ind2="0"><subfield code="a">PT</subfield><subfield code="b">Biblioteca Municipal de Montalegre</subfield><subfield code="g">RPC</subfield></datafield><datafield tag="856" ind1=" " ind2=" "><subfield code="u">locateMedia.asp?cod=20070227142946&amp;ext=jpg</subfield><subfield code="z">Capa</subfield></datafield><datafield tag="909" ind1="&#9;" ind2=" "><subfield code="a">1</subfield></datafield><datafield tag="966" ind1=" " ind2=" "><subfield code="a">0016822</subfield><subfield code="l">BMM</subfield><subfield code="s">SCG 502 ALV pat</subfield></datafield></record></collection>